<record xmlns="http://www.loc.gov/MARC21/slim" xmlns:xsi="http://www.w3.org/2001/XMLSchema-instance" xsi:schemaLocation="http://www.loc.gov/MARC21/slim http://www.loc.gov/standards/marcxml/schema/MARC21slim.xsd"><leader>02897nam a2200493   4500</leader><controlfield tag="001">001676900</controlfield><controlfield tag="003">NNU</controlfield><controlfield tag="006">m        d        </controlfield><controlfield tag="007">cr cn |||m|||a</controlfield><controlfield tag="008">150116s1932    le      o     001 0 ara d</controlfield><datafield ind1=" " ind2=" " tag="040"><subfield code="a">NNU</subfield><subfield code="b">eng</subfield><subfield code="e">rda</subfield><subfield code="c">NNU</subfield></datafield><datafield ind1="0" ind2=" " tag="041"><subfield code="a">ara</subfield><subfield code="a">eng</subfield></datafield><datafield ind1=" " ind2="4" tag="050"><subfield code="a">PJ7745.I29</subfield><subfield code="b">Z33 1932</subfield></datafield><datafield ind1="1" ind2=" " tag="100"><subfield code="6">880-01</subfield><subfield code="a">Ibn Da&#772;wu&#772;d al-Is&#803;faha&#772;ni&#772;, Abu&#772; Bakr Muh&#803;ammad,</subfield><subfield code="d">868 or 869-909 or 910.</subfield></datafield><datafield ind1="1" ind2="0" tag="240"><subfield code="6">880-02</subfield><subfield code="a">Zahrah.</subfield><subfield code="n">Nis&#803;f 1.</subfield></datafield><datafield ind1="1" ind2="3" tag="245"><subfield code="6">880-03</subfield><subfield code="a">al-Nis&#803;f al-awwal min Kita&#772;b al-zahrah :</subfield><subfield code="b">t&#803;ab&#699; li-awwal marrah naqlan &#699;an al-nuskhah al-wah&#803;i&#772;dah al-makht&#803;u&#772;t&#803;ah fi&#772; Da&#772;r al-Kutub al-Mis&#803;ri&#772;yah /</subfield><subfield code="c">ta&#700;li&#772;f Abi&#772; Bakr Muh&#803;ammad ibn Abi&#772; Sulayma&#772;n al-Is&#803;faha&#772;ni&#772; ; i&#699;tana&#769; bi-nashrih Luwi&#772;s Ni&#772;kl ; bi-musa&#772;&#699;adat Ibra&#772;hi&#772;m &#699;Abd al-Fatta&#772;h&#803; T&#803;u&#772;qa&#772;n.</subfield></datafield><datafield ind1="3" ind2="0" tag="246"><subfield code="a">Book of the flower</subfield></datafield><datafield ind1="3" ind2="0" tag="246"><subfield code="6">880-04</subfield><subfield code="a">Kita&#772;b al-zahrah</subfield></datafield><datafield ind1=" " ind2=" " tag="260"><subfield code="6">880-05</subfield><subfield code="a">Bayru&#772;t :</subfield><subfield code="b">Mat&#803;ba&#699;at al-A&#772;ba&#772;&#700; al-Yasu&#772;&#699;iyi&#772;n,</subfield><subfield code="c">1932.</subfield></datafield><datafield ind1=" " ind2=" " tag="300"><subfield code="6">880-06</subfield><subfield code="a">online resource (406, 8 pages)</subfield></datafield><datafield ind1=" " ind2=" " tag="336"><subfield code="a">text</subfield><subfield code="2">rdacontent</subfield></datafield><datafield ind1=" " ind2=" " tag="337"><subfield code="a">computer</subfield><subfield code="2">rdamedia</subfield></datafield><datafield ind1=" " ind2=" " tag="338"><subfield code="a">online resource</subfield><subfield code="2">rdacarrier</subfield></datafield><datafield ind1="1" ind2=" " tag="490"><subfield code="a">Studies in ancient oriental civilization ;</subfield><subfield code="v">no. 6</subfield></datafield><datafield ind1=" " ind2=" " tag="500"><subfield code="a">Added t.p. and foreword in English.</subfield></datafield><datafield ind1=" " ind2=" " tag="500"><subfield code="a">No more published?</subfield></datafield><datafield ind1=" " ind2=" " tag="500"><subfield code="a">Includes indexes.</subfield></datafield><datafield ind1=" " ind2=" " tag="500"><subfield code="a">Part of the Arabic Collections Online (ACO) project, contributed by New York Univeristy Libraries.</subfield></datafield><datafield ind1=" " ind2=" " tag="533"><subfield code="a">Electronic reproduction.</subfield><subfield code="b">New York, N.Y. :</subfield><subfield code="c">New York University,</subfield><subfield code="d">2015.</subfield><subfield code="5">NNU</subfield></datafield><datafield ind1="1" ind2=" " tag="700"><subfield code="a">Nykl, A. R.</subfield><subfield code="q">(Alois Richard),</subfield><subfield code="d">1885-</subfield></datafield><datafield ind1="1" ind2=" " tag="700"><subfield code="6">880-07</subfield><subfield code="a">T&#803;u&#772;qa&#772;n, Ibra&#772;hi&#772;m &#699;Abd al-Fatta&#772;h&#803;,</subfield><subfield code="d">1905-1941.</subfield></datafield><datafield ind1="2" ind2=" " tag="710"><subfield code="a">New York University.</subfield><subfield code="b">Libraries.</subfield></datafield><datafield ind1="0" ind2=" " tag="730"><subfield code="a">Arabic Collections Online.</subfield></datafield><datafield ind1="0" ind2="8" tag="776"><subfield code="i">Print version:</subfield><subfield code="a">Ibn Da&#772;wu&#772;d al-Is&#803;faha&#772;ni&#772;, Abu&#772; Bakr Muh&#803;ammad, 868 or 869-909 or 910.</subfield><subfield code="t">al-Nis&#803;f al-awwal min Kita&#772;b al-zahrah</subfield><subfield code="w">(NNU)001676900</subfield></datafield><datafield ind1="4" ind2="0" tag="856"><subfield code="u">http://hdl.handle.net/2333.1/98sf7nrg</subfield></datafield><datafield ind1="0" ind2=" " tag="880"><subfield code="6">100-01/</subfield><subfield code="a">&#1575;&#1576;&#1606; &#1583;&#1575;&#1608;&#1608;&#1583; &#1575;&#1604;&#1575;&#1589;&#1601;&#1607;&#1575;&#1606;&#1610;&#1548; &#1575;&#1576;&#1608; &#1576;&#1603;&#1585; &#1605;&#1581;&#1605;&#1583;&#1548;,</subfield><subfield code="d">868 &#1575;&#1608; 9-909 &#1575;&#1608; 10.</subfield></datafield><datafield ind1="1" ind2="0" tag="880"><subfield code="6">240-02/</subfield><subfield code="a">&#1586;&#1607;&#1585;&#1577;.</subfield><subfield code="n">&#1606;&#1589;&#1601; 1.</subfield></datafield><datafield ind1="1" ind2="3" tag="880"><subfield code="6">245-03/</subfield><subfield code="a">&#1575;&#1604;&#1606;&#1589;&#1601; &#1575;&#1604;&#1575;&#1608;&#1604; &#1605;&#1606; &#1603;&#1578;&#1575;&#1576; &#1575;&#1604;&#1586;&#1607;&#1585;&#1577; :</subfield><subfield code="b">&#1591;&#1576;&#1593; &#1604;&#1575;&#1608;&#1604; &#1605;&#1585;&#1577; &#1606;&#1602;&#1604;&#1575; &#1593;&#1606; &#1575;&#1604;&#1606;&#1587;&#1582;&#1577; &#1575;&#1604;&#1608;&#1581;&#1610;&#1583;&#1577; &#1575;&#1604;&#1605;&#1582;&#1591;&#1608;&#1591;&#1577; &#1601;&#1610; &#1583;&#1575;&#1585; &#1575;&#1604;&#1603;&#1578;&#1576; &#1575;&#1604;&#1605;&#1589;&#1585;&#1610;&#1577; /</subfield><subfield code="c">&#1578;&#1571;&#1604;&#1610;&#1601; &#1575;&#1576;&#1610; &#1576;&#1603;&#1585; &#1605;&#1581;&#1605;&#1583; &#1576;&#1606; &#1575;&#1576;&#1610; &#1587;&#1604;&#1610;&#1605;&#1575;&#1606; &#1575;&#1604;&#1575;&#1589;&#1601;&#1607;&#1575;&#1606;&#1610; &#1563; &#1575;&#1593;&#1578;&#1606;&#1609; &#1576;&#1606;&#1588;&#1585;&#1607; &#1604;&#1608;&#1610;&#1587; &#1606;&#1610;&#1603;&#1604; &#1563; &#1576;&#1605;&#1587;&#1575;&#1593;&#1583;&#1577; &#1575;&#1576;&#1585;&#1575;&#1607;&#1610;&#1605; &#1593;&#1576;&#1583; &#1575;&#1604;&#1601;&#1578;&#1575;&#1581; &#1591;&#1608;&#1602;&#1575;&#1606;.</subfield></datafield><datafield ind1="3" ind2="0" tag="880"><subfield code="6">246-04/</subfield><subfield code="a">&#1603;&#1578;&#1575;&#1576; &#1575;&#1604;&#1586;&#1607;&#1585;&#1577;</subfield></datafield><datafield ind1=" " ind2=" " tag="880"><subfield code="6">260-05/</subfield><subfield code="a">&#1576;&#1610;&#1585;&#1608;&#1578; :</subfield><subfield code="b">&#1605;&#1591;&#1576;&#1593;&#1577; &#1575;&#1604;&#1575;&#1576;&#1575;&#1569; &#1575;&#1604;&#1610;&#1587;&#1608;&#1593;&#1610;&#1610;&#1606;&#1548;</subfield><subfield code="c">1932.</subfield></datafield><datafield ind1="1" ind2=" " tag="880"><subfield code="6">700-07/</subfield><subfield code="a">&#1591;&#1608;&#1602;&#1575;&#1606;&#1548; &#1575;&#1576;&#1585;&#1575;&#1607;&#1610;&#1605; &#1593;&#1576;&#1583; &#1575;&#1604;&#1601;&#1578;&#1575;&#1581;&#1548;</subfield><subfield code="d">1905-1941.</subfield></datafield><datafield ind1=" " ind2="0" tag="830"><subfield code="a">Studies in ancient oriental civilization ;</subfield><subfield code="v">no. 6.</subfield></datafield><datafield ind1=" " ind2=" " tag="959"><subfield code="a">NNU</subfield><subfield code="b">WEB</subfield><subfield code="c">GENI</subfield><subfield code="t">0</subfield><subfield code="m">Electronic access</subfield><subfield code="s">01</subfield></datafield><datafield ind1=" " ind2=" " tag="999"><subfield code="i">NNU_001676900</subfield><subfield code="o" /><subfield code="e">(ERROR-880)</subfield></datafield></record>